<?xml version="1.0" encoding="UTF-8"?><collection xmlns="http://www.loc.gov/MARC21/slim"><record><leader>00480nam--2200169-i-4500</leader><controlfield tag="001">000036146</controlfield><controlfield tag="002">20161230</controlfield><controlfield tag="005">20170108235431</controlfield><controlfield tag="008">060222s1000------------r-----000-0-eng-d</controlfield><datafield ind1=" " ind2=" " tag="040"><subfield code="a">IFIN-HH</subfield></datafield><datafield ind1=" " ind2=" " tag="080"><subfield code="a">53</subfield></datafield><datafield ind1="1" ind2=" " tag="100"><subfield code="a">Howerton, R.J</subfield></datafield><datafield ind1="1" ind2="0" tag="245"><subfield code="a">Tabulated differential neutron cross sections. part III. vol. 1</subfield><subfield code="c">R.J. Howerton</subfield></datafield><datafield ind1=" " ind2=" " tag="260"><subfield code="a">Livermore</subfield><subfield code="b">Lawrence Radiation Laboratory</subfield><subfield code="c">/Fara An</subfield></datafield><datafield ind1=" " ind2=" " tag="300"><subfield code="a">XII+PAG.DIF</subfield></datafield><datafield ind1=" " ind2=" " tag="852"><subfield code="a">18884</subfield><subfield code="c">53.081</subfield></datafield><datafield ind1=" " ind2=" " tag="CAT"><subfield code="a">SYS</subfield><subfield code="c">20170108</subfield><subfield code="h">235431</subfield></datafield></record></collection>